@article{turnerExactAnytimevalidConfidence2023,
  title = {Exact Anytime-Valid Confidence Intervals for Contingency Tables and Beyond},
  author = {Turner, Rosanne J. and Gr{\"u}nwald, Peter D.},
  year = {2023},
  month = jul,
  journal = {Statistics \& Probability Letters},
  volume = {198},
  eprint = {2203.09785},
  primaryclass = {stat},
  pages = {109835},
  doi = {10.1016/j.spl.2023.109835},
  urldate = {2025-03-21},
  archiveprefix = {arXiv}
}

@article{turnerGenericEvariablesExact2024,
  title = {Generic {{E-variables}} for Exact Sequential $k$-Sample Tests That Allow for Optional Stopping},
  author = {Turner, Rosanne J. and Ly, Alexander and Gr{\"u}nwald, Peter D.},
  year = {2024},
  month = may,
  journal = {Journal of Statistical Planning and Inference},
  volume = {230},
  eprint = {2106.02693},
  primaryclass = {cs, math, stat},
  pages = {106116},
  doi = {10.1016/j.jspi.2023.106116},
  urldate = {2025-01-09},
  archiveprefix = {arXiv}
}

@article{grunwaldSafeTesting2024,
  title = {Safe Testing},
  author = {Gr{\"u}nwald, Peter and {de Heide}, Rianne and Koolen, Wouter},
  year = {2024},
  month = nov,
  journal = {Journal of the Royal Statistical Society Series B: Statistical Methodology},
  volume = {86},
  number = {5},
  eprint = {1906.07801},
  primaryclass = {cs, math, stat},
  pages = {1091--1128},
  doi = {10.1093/jrsssb/qkae011},
  urldate = {2025-03-06},
  archiveprefix = {arXiv}
}

@phdthesis{haoEvaluesAnytimevalidInference2025,
  title = {E-Values for Anytime-Valid Inference with Exponential Families},
  author = {Hao, Yunda},
  year = {2025},
  month = feb,
  address = {Leiden},
  urldate = {2025-03-14},
  school = {Leiden University}
}