@thesis{adamsSafeHypothesisTests2020,
  type = {mathesis},
  title = {Safe Hypothesis Tests for the $2 \times 2$ Contingency Table},
  author = {Adams, Reuben J.},
  date = {2020},
  url = {https://resolver.tudelft.nl/uuid:beede46c-4944-49ad-a864-e352f5137c74},
  urldate = {2025-01-14}
}

@article{althamExactBayesianAnalysis1969,
  title = {Exact {{Bayesian Analysis}} of a 2 x 2 {{Contingency Table}}, and {{Fisher}}'s "{{Exact}}" {{Significance Test}}},
  author = {Altham, Patricia M. E.},
  date = {1969},
  journaltitle = {Journal of the Royal Statistical Society. Series B (Methodological)},
  volume = {31},
  number = {2},
  eprint = {2984209},
  eprinttype = {jstor},
  pages = {261--269},
  publisher = {[Royal Statistical Society, Oxford University Press]},
  url = {https://www.jstor.org/stable/2984209},
  urldate = {2025-07-29}
}

@article{arnoldSequentiallyValidTests2023,
  title = {Sequentially Valid Tests for Forecast Calibration},
  author = {Arnold, Sebastian and Henzi, Alexander and Ziegel, Johanna F.},
  date = {2023-09-01},
  journaltitle = {The Annals of Applied Statistics},
  shortjournal = {Ann. Appl. Stat.},
  volume = {17},
  number = {3},
  eprint = {2109.11761},
  eprinttype = {arXiv},
  doi = {10.1214/22-AOAS1697}
}

@article{bergerCouldFisherJeffreys2003,
  title = {Could {{Fisher}}, {{Jeffreys}} and {{Neyman}} Have Agreed on Testing?},
  author = {Berger, James O.},
  date = {2003-02-01},
  journaltitle = {Statistical Science},
  shortjournal = {Statist. Sci.},
  volume = {18},
  number = {1},
  doi = {10.1214/ss/1056397485}
}

@inproceedings{brannathBipolarTheoremSubsets1999,
  title = {A Bipolar Theorem for Subsets of $L_{+}^0(\omega, \mathcal{F}, P)$},
  booktitle = {Séminaire de {{Probabilités XXXIII}}},
  author = {Brannath, W. and Schachermayer, W.},
  date = {1999},
  pages = {349--354},
  publisher = {Springer},
  location = {Berlin, Heidelberg},
  doi = {10.1007/BFb0096525},
  isbn = {978-3-540-48407-3}
}

@thesis{brindaAdaptiveEstimationGaussian2018,
  type = {phdthesis},
  title = {Adaptive Estimation with Gaussian Radial Basis Mixtures},
  author = {Brinda, William David},
  date = {2018}
}

@article{CaseStudyBayesian,
  title = {A {{Case Study}} on the {{Bayesian Analysis}} of 2 × 2 {{Tables}} with {{All Margins Fixed}}}
}

@online{casgrainAnytimevalidSequentialTesting2023,
  title = {Anytime-Valid Sequential Testing for Elicitable Functionals via Supermartingales},
  author = {Casgrain, Philippe and Larsson, Martin and Ziegel, Johanna},
  date = {2023-06-04},
  eprint = {2204.05680},
  eprinttype = {arXiv},
  doi = {10.48550/arXiv.2204.05680}
}

@thesis{choeComparingForecastersAbstaining2023,
  type = {phdthesis},
  title = {Comparing Forecasters and Abstaining Classifiers},
  author = {Choe, Yo Joong},
  date = {2023-06-27},
  doi = {10.1184/R1/23576451.v1}
}

@article{choeComparingSequentialForecasters2024,
  title = {Comparing Sequential Forecasters},
  author = {Choe, Yo Joong and Ramdas, Aaditya},
  date = {2024-07},
  journaltitle = {Operations Research},
  shortjournal = {Operations Research},
  volume = {72},
  number = {4},
  eprint = {2110.00115},
  eprinttype = {arXiv},
  pages = {1368--1387},
  doi = {10.1287/opre.2021.0792}
}

@article{clarkeJeffreysPriorAsymptotically1994,
  title = {Jeffreys' Prior Is Asymptotically Least Favorable under Entropy Risk},
  author = {Clarke, Bertrand S. and Barron, Andrew R.},
  date = {1994-08},
  journaltitle = {Journal of Statistical Planning and Inference},
  shortjournal = {Journal of Statistical Planning and Inference},
  volume = {41},
  number = {1},
  pages = {37--60},
  doi = {10.1016/0378-3758(94)90153-8}
}

@online{clericoOptimalEvalueTesting2025,
  title = {Optimal E-Value Testing for Properly Constrained Hypotheses},
  author = {Clerico, Eugenio},
  date = {2025-03-26},
  eprint = {2412.21125},
  eprinttype = {arXiv},
  doi = {10.48550/arXiv.2412.21125}
}

@book{csiszarEntropySearchComplexity2007,
  title = {Entropy, Search, Complexity},
  author = {Csiszár, Imre and Katona, Gyula O. H. and Tardos, Gábor},
  date = {2007},
  series = {Bolyai Society Mathematical Studies},
  number = {16},
  publisher = {Springer},
  location = {Berlin},
  isbn = {978-3-540-32573-4 978-963-9453-06-7}
}

@article{csiszarInformationGeometryAlternating1984,
  title = {Information Geometry and Alternating Minimization Procedures},
  author = {Csiszár, I. and Tusnády, G.},
  date = {1984},
  journaltitle = {Statistics and Decisions, Supplement Issue},
  volume = {1},
  pages = {205--237}
}

@thesis{deroosUniformlyGrowthrateOptimal2025,
  title = {Uniformly Growth-Rate Optimal e-Variables for Composite Hypotheses Sharing a Sufficient σ-Algebra},
  author = {family=Roos, given=Dante, prefix=de, useprefix=true},
  date = {2025-07-11}
}

@article{diaconisConjugatePriorsExponential1979,
  title = {Conjugate {{Priors}} for {{Exponential Families}}},
  author = {Diaconis, Persi and Ylvisaker, Donald},
  date = {1979-03},
  journaltitle = {The Annals of Statistics},
  volume = {7},
  number = {2},
  pages = {269--281},
  publisher = {Institute of Mathematical Statistics},
  doi = {10.1214/aos/1176344611}
}

@online{fischerImprovingApproximateSequential2024,
  title = {Improving the (Approximate) Sequential Probability Ratio Test by Avoiding Overshoot},
  author = {Fischer, Lasse and Ramdas, Aaditya},
  date = {2024-10-21},
  eprint = {2410.16076},
  eprinttype = {arXiv},
  doi = {10.48550/arXiv.2410.16076},
  version = {1}
}

@article{grunwaldAuthorsReplyDiscussion2024,
  title = {Authors’ Reply to the Discussion of ‘Safe Testing’},
  author = {Grünwald, Peter and family=Heide, given=Rianne, prefix=de, useprefix=true and Koolen, Wouter},
  date = {2024-11-01},
  journaltitle = {Journal of the Royal Statistical Society Series B: Statistical Methodology},
  shortjournal = {Journal of the Royal Statistical Society Series B: Statistical Methodology},
  volume = {86},
  number = {5},
  pages = {1163--1171},
  doi = {10.1093/jrsssb/qkae069}
}

@online{grunwaldEPosterior2023,
  title = {The {{E-Posterior}}},
  author = {Grünwald, Peter},
  date = {2023-09-18},
  eprint = {2301.01335},
  eprinttype = {arXiv},
  doi = {10.1098/rsta.2022.146}
}

@article{grunwaldFastRatesGeneral2020,
  title = {Fast Rates for General Unbounded Loss Functions: From {{ERM}} to Generalized Bayes},
  author = {Grünwald, Peter D. and Mehta, Nishant A.},
  date = {2020},
  journaltitle = {Journal of Machine Learning Research},
  volume = {21},
  number = {56},
  pages = {1--80},
  url = {http://jmlr.org/papers/v21/18-488.html},
  urldate = {2025-01-15}
}

@article{grunwaldGameTheoryMaximum2004,
  title = {Game Theory, Maximum Entropy, Minimum Discrepancy and Robust {{Bayesian}} Decision Theory},
  author = {Grunwald, Peter D. and Dawid, A. Philip},
  date = {2004-08-01},
  journaltitle = {The Annals of Statistics},
  shortjournal = {Ann. Statist.},
  volume = {32},
  number = {4},
  eprint = {math/0410076},
  eprinttype = {arXiv},
  doi = {10.1214/009053604000000553}
}

@online{grunwaldGrowthoptimalEvariablesExtension2024,
  title = {Growth-Optimal {{E-variables}} and an Extension to the Multivariate Csiszár-Sanov-Chernoff Theorem},
  author = {Grünwald, Peter and Hao, Yunda and Balsubramani, Akshay},
  date = {2024-12-24},
  eprint = {2412.17554},
  eprinttype = {arXiv},
  doi = {10.48550/arXiv.2412.17554}
}

@article{grunwaldNeymanPearsonEvalues2024,
  title = {Beyond {{Neyman}}–{{Pearson}}: {{E-values}} Enable Hypothesis Testing with a Data-Driven Alpha},
  author = {Grünwald, Peter D.},
  date = {2024-09-24},
  journaltitle = {Proceedings of the National Academy of Sciences},
  volume = {121},
  number = {39},
  eprint = {2205.00901},
  eprinttype = {arXiv},
  pages = {e2302098121},
  publisher = {Proceedings of the National Academy of Sciences},
  doi = {10.1073/pnas.2302098121}
}

@online{grunwaldOptimalEvaluesExponential2024,
  title = {Optimal {{E-values}} for Exponential Families: The Simple Case},
  author = {Grünwald, Peter and Lardy, Tyron and Hao, Yunda and Bar-Lev, Shaul K. and family=Jong, given=Martijn, prefix=de, useprefix=true},
  date = {2024-04-30},
  eprint = {2404.19465},
  eprinttype = {arXiv},
  url = {http://arxiv.org/abs/2404.19465},
  urldate = {2024-12-13}
}

@article{grunwaldPictureThatSays,
  title = {A {{Picture}} That {{Says A Lot}}},
  author = {Grunwald, Peter}
}

@article{grunwaldSafeTesting2024,
  title = {Safe Testing},
  author = {Grünwald, Peter and family=Heide, given=Rianne, prefix=de, useprefix=true and Koolen, Wouter},
  date = {2024-11-01},
  journaltitle = {Journal of the Royal Statistical Society Series B: Statistical Methodology},
  shortjournal = {Journal of the Royal Statistical Society Series B: Statistical Methodology},
  volume = {86},
  number = {5},
  eprint = {1906.07801},
  eprinttype = {arXiv},
  pages = {1091--1128},
  doi = {10.1093/jrsssb/qkae011}
}

@online{grunwaldTutorialIntroductionMinimum2004,
  title = {A Tutorial Introduction to the Minimum Description Length Principle},
  author = {Grunwald, Peter},
  date = {2004-06-04},
  eprint = {math/0406077},
  eprinttype = {arXiv},
  doi = {10.48550/arXiv.math/0406077}
}

@online{haoEvalues$k$sampleTests2024,
  title = {E-Values for $k$-Sample Tests with Exponential Families},
  author = {Hao, Yunda and Grünwald, Peter and Lardy, Tyron and Long, Long and Adams, Reuben},
  date = {2024-01-08},
  eprint = {2303.00471},
  eprinttype = {arXiv},
  doi = {10.48550/arXiv.2303.00471}
}

@thesis{haoEvaluesAnytimevalidInference2025,
  type = {phdthesis},
  title = {E-Values for Anytime-Valid Inference with Exponential Families},
  author = {Hao, Yunda},
  date = {2025-02-13},
  location = {Leiden},
  url = {https://scholarlypublications.universiteitleiden.nl/handle/1887/4195433},
  urldate = {2025-03-14}
}

@online{haoEValuesExponentialFamilies2025,
  title = {E-{{Values}} for {{Exponential Families}}: The {{General Case}}},
  author = {Hao, Yunda and Grünwald, Peter},
  date = {2025-08-26},
  eprint = {2409.11134},
  eprinttype = {arXiv},
  doi = {10.48550/arXiv.2409.11134},
  version = {1}
}

@online{hartogFamilywiseErrorRate2025,
  title = {Family-Wise Error Rate Control with {{E-values}}},
  author = {Hartog, Will and Lei, Lihua},
  date = {2025-04-08},
  eprint = {2501.09015},
  eprinttype = {arXiv},
  doi = {10.48550/arXiv.2501.09015}
}

@article{hashemiBayesianAnalysisSingle1997,
  title = {Bayesian {{Analysis}} for a {{Single}} 2×2 {{Table}}},
  author = {Hashemi, Lobat and Nandram, Balgobin and Goldberg, Robert},
  date = {1997},
  journaltitle = {Statistics in Medicine},
  volume = {16},
  number = {12},
  pages = {1311--1328},
  doi = {10.1002/(SICI)1097-0258(19970630)16:12<1311::AID-SIM568>3.0.CO;2-3}
}

@article{heideWhyOptionalStopping2021,
  title = {Why Optional Stopping Can Be a Problem for {{Bayesians}}},
  author = {family=Heide, given=Rianne, prefix=de, useprefix=false and Grünwald, Peter D.},
  date = {2021-06},
  journaltitle = {Psychonomic Bulletin \& Review},
  shortjournal = {Psychon Bull Rev},
  volume = {28},
  number = {3},
  eprint = {1708.08278},
  eprinttype = {arXiv},
  pages = {795--812},
  doi = {10.3758/s13423-020-01803-x}
}

@article{hendriksenOptionalStoppingBayes2021,
  title = {Optional Stopping with Bayes Factors: A Categorization and Extension of Folklore Results, with an Application to Invariant Situations},
  author = {Hendriksen, Allard and De Heide, Rianne and Grünwald, Peter},
  date = {2021-09-01},
  journaltitle = {Bayesian Analysis},
  shortjournal = {Bayesian Anal.},
  volume = {16},
  number = {3},
  doi = {10.1214/20-BA1234}
}

@online{henziValidSequentialInference2022,
  title = {Valid Sequential Inference on Probability Forecast Performance},
  author = {Henzi, Alexander and Ziegel, Johanna F.},
  date = {2022-07-01},
  eprint = {2103.08402},
  eprinttype = {arXiv},
  doi = {10.48550/arXiv.2103.08402}
}

@inproceedings{Honda2010AnAO,
  title = {An Asymptotically Optimal Bandit Algorithm for Bounded Support Models.},
  booktitle = {Annual Conference Computational Learning Theory},
  author = {Honda, Junya and Takemura, Akimichi},
  date = {2010},
  location = {Haifa, Israel},
  url = {https://api.semanticscholar.org/CorpusID:120162138}
}

@online{howardTimeuniformChernoffBounds2020,
  title = {Time-Uniform {{Chernoff}} Bounds via Nonnegative Supermartingales},
  author = {Howard, Steven R. and Ramdas, Aaditya and McAuliffe, Jon and Sekhon, Jasjeet},
  date = {2020-05-12},
  eprint = {1808.03204},
  eprinttype = {arXiv},
  doi = {10.48550/arXiv.1808.03204}
}

@article{howardTimeuniformNonparametricNonasymptotic2021,
  title = {Time-Uniform, Nonparametric, Nonasymptotic Confidence Sequences},
  author = {Howard, Steven R. and Ramdas, Aaditya and McAuliffe, Jon and Sekhon, Jasjeet},
  date = {2021-04-01},
  journaltitle = {The Annals of Statistics},
  shortjournal = {Ann. Statist.},
  volume = {49},
  number = {2},
  eprint = {1810.08240},
  eprinttype = {arXiv},
  doi = {10.1214/20-AOS1991}
}

@article{johnsonUniformlyMostPowerful2013,
  title = {Uniformly Most Powerful {{Bayesian}} Tests},
  author = {Johnson, Valen E.},
  date = {2013-08},
  journaltitle = {The Annals of Statistics},
  volume = {41},
  number = {4},
  pages = {1716--1741},
  publisher = {Institute of Mathematical Statistics},
  doi = {10.1214/13-AOS1123}
}

@online{kirschElementaryProofFinettis2018,
  title = {An Elementary Proof of de {{Finetti}}'s {{Theorem}}},
  author = {Kirsch, Werner},
  date = {2018-09-04},
  eprint = {1809.00882},
  eprinttype = {arXiv},
  doi = {10.48550/arXiv.1809.00882}
}

@online{koolenGeneralisationVillesInequality2025,
  title = {A Generalisation of {{Ville}}'s Inequality to Monotonic Lower Bounds and Thresholds},
  author = {Koolen, Wouter M. and Pérez-Ortiz, Muriel Felipe and Lardy, Tyron},
  date = {2025-02-22},
  eprint = {2502.16019},
  eprinttype = {arXiv},
  doi = {10.48550/arXiv.2502.16019}
}

@article{koolenLogoptimalAnytimevalidEvalues2022,
  title = {Log-Optimal Anytime-Valid {{E-values}}},
  author = {Koolen, Wouter M. and Grünwald, Peter},
  date = {2022-02-01},
  journaltitle = {International Journal of Approximate Reasoning},
  shortjournal = {International Journal of Approximate Reasoning},
  series = {Probability and {{Statistics}}: {{Foundations}} and {{History}}. {{In}} Honor of {{Glenn Shafer}}},
  volume = {141},
  pages = {69--82},
  doi = {10.1016/j.ijar.2021.09.010}
}

@article{lardyReverseInformationProjections2024,
  title = {Reverse Information Projections and Optimal {{E-statistics}}},
  author = {Lardy, Tyron and Grünwald, Peter and Harremoës, Peter},
  date = {2024-11},
  journaltitle = {IEEE Transactions on Information Theory},
  shortjournal = {IEEE Trans. Inform. Theory},
  volume = {70},
  number = {11},
  pages = {7616--7631},
  doi = {10.1109/TIT.2024.3444458}
}

@online{larssonNumeraireEvariableReverse2025,
  title = {The Numeraire E-Variable and Reverse Information Projection},
  author = {Larsson, Martin and Ramdas, Aaditya and Ruf, Johannes},
  date = {2025-02-03},
  eprint = {2402.18810},
  eprinttype = {arXiv},
  doi = {10.48550/arXiv.2402.18810}
}

@article{larssonNumeraireEvariableReverse2025a,
  title = {The Numeraire E-Variable and Reverse Information Projection},
  author = {Larsson, Martin and Ramdas, Aaditya and Ruf, Johannes},
  date = {2025-06},
  journaltitle = {The Annals of Statistics},
  volume = {53},
  number = {3},
  pages = {1015--1043},
  publisher = {Institute of Mathematical Statistics},
  doi = {10.1214/24-AOS2487}
}

@online{larssonTestingHypothesesGenerated2025,
  title = {Testing Hypotheses Generated by Constraints},
  author = {Larsson, Martin and Ramdas, Aaditya and Ruf, Johannes},
  date = {2025-07-30},
  eprint = {2504.02974},
  eprinttype = {arXiv},
  doi = {10.48550/arXiv.2504.02974}
}

@online{liebElementaryProofTheorem2006,
  title = {Elementary Proof of a Theorem of {{Jean Ville}}},
  author = {Lieb, Elliott H. and Osherson, Daniel and Weinstein, Scott},
  date = {2006-07-11},
  eprint = {cs/0607054},
  eprinttype = {arXiv},
  doi = {10.48550/arXiv.cs/0607054}
}

@thesis{liEstimationMixtureModels1999,
  type = {phdthesis},
  title = {Estimation of Mixture Models},
  author = {Li, Qiang Jonathan},
  date = {1999},
  location = {USA},
  url = {http://www.stat.yale.edu/~arb4/students_files/JonathanLiThesis.pdf},
  urldate = {2025-01-15},
  pagetotal = {98},
  annotation = {AAI9931011\\
ISBN-10: 0599311037}
}

@online{lySafeAnytimevalidInference2024,
  title = {Safe Anytime-Valid Inference: Practical Maximally Flexible Sampling Designs for Experiments Based on e-Values},
  author = {Ly, Alexander and Boehm, Udo and Grünwald, Peter and Ramdas, Aaditya and family=Ravenzwaaij, given=Don, prefix=van, useprefix=false},
  date = {2024-08-26},
  eprinttype = {OSF},
  doi = {10.31234/osf.io/h5vae}
}

@article{marshallBayesianAnalysisCasecontrol1988,
  title = {Bayesian Analysis of Case‐control Studies},
  author = {Marshall, R. J.},
  date = {1988-12},
  journaltitle = {Statistics in Medicine},
  shortjournal = {Statistics in Medicine},
  volume = {7},
  number = {12},
  pages = {1223--1230},
  doi = {10.1002/sim.4780071203}
}

@unpublished{moniriUniversalInference2022,
  title = {Universal {{Inference}}},
  author = {Moniri, Behrad},
  date = {2022-04-12}
}

@article{myungModelSelectionNormalized2006,
  title = {Model Selection by Normalized Maximum Likelihood},
  author = {Myung, Jay I. and Navarro, Daniel J. and Pitt, Mark A.},
  date = {2006-04},
  journaltitle = {Journal of Mathematical Psychology},
  shortjournal = {Journal of Mathematical Psychology},
  volume = {50},
  number = {2},
  pages = {167--179},
  doi = {10.1016/j.jmp.2005.06.008}
}

@online{NoteUniversalInference,
  title = {A Note on Universal Inference - {{Tse}} - 2022 - {{Stat}} - {{Wiley Online Library}}},
  url = {https://onlinelibrary.wiley.com/doi/full/10.1002/sta4.501},
  urldate = {2025-07-31}
}

@online{perez-ortizEstatisticsGroupInvariance2023,
  title = {E-Statistics, Group Invariance and Anytime Valid Testing},
  author = {Pérez-Ortiz, Muriel Felipe and Lardy, Tyron and family=Heide, given=Rianne, prefix=de, useprefix=true and Grünwald, Peter},
  date = {2023-10-17},
  eprint = {2208.07610},
  eprinttype = {arXiv},
  url = {http://arxiv.org/abs/2208.07610},
  urldate = {2024-08-13}
}

@article{perez-ortizEstatisticsGroupInvariance2024,
  title = {E-Statistics, Group Invariance and Anytime-Valid Testing},
  author = {Pérez-Ortiz, Muriel Felipe and Lardy, Tyron and family=Heide, given=Rianne, prefix=de, useprefix=false and Grünwald, Peter D.},
  date = {2024-08},
  journaltitle = {The Annals of Statistics},
  volume = {52},
  number = {4},
  eprint = {2208.07610},
  eprinttype = {arXiv},
  pages = {1410--1432},
  publisher = {Institute of Mathematical Statistics},
  doi = {10.1214/24-AOS2394}
}

@article{perezAutomaticProperBayesian1994,
  title = {An Automatic and Proper {{Bayesian}} Estimation Analysis of 2×2 Contingency Tables with One and Two Fixed Margins},
  author = {Pérez, María-Eglée},
  date = {1994},
  journaltitle = {TEST: An Official Journal of the Spanish Society of Statistics and Operations Research},
  volume = {3},
  number = {2},
  pages = {101--112},
  publisher = {Springer \& Sociedad de Estadística e Investigación Operativa},
  url = {https://ideas.repec.org//a/spr/testjl/v3y1994i2p101-112.html},
  urldate = {2025-07-30}
}

@inproceedings{pmlr-v206-turner23a,
  title = {Safe Sequential Testing and Effect Estimation in Stratified Count Data},
  booktitle = {Proceedings of the 26th International Conference on Artificial Intelligence and Statistics},
  author = {Turner, Rosanne and Grunwald, Peter},
  date = {2023-04-25/2023-04-27},
  series = {Proceedings of Machine Learning Research},
  volume = {206},
  eprint = {2302.11401},
  eprinttype = {arXiv},
  pages = {4880--4893},
  publisher = {PMLR},
  url = {http://arxiv.org/abs/2302.11401}
}

@article{posnerRandomCodingStrategies1975,
  title = {Random Coding Strategies for Minimum Entropy},
  author = {Posner, E.},
  date = {1975-07},
  journaltitle = {IEEE Transactions on Information Theory},
  volume = {21},
  number = {4},
  pages = {388--391},
  doi = {10.1109/TIT.1975.1055416},
  eventtitle = {{{IEEE Transactions}} on {{Information Theory}}}
}

@online{ramdasAdmissibleAnytimevalidSequential2022,
  title = {Admissible Anytime-Valid Sequential Inference Must Rely on Nonnegative Martingales},
  author = {Ramdas, Aaditya and Ruf, Johannes and Larsson, Martin and Koolen, Wouter},
  date = {2022-11-05},
  eprint = {2009.03167},
  eprinttype = {arXiv},
  doi = {10.48550/arXiv.2009.03167}
}

@online{ramdasGametheoreticStatisticsSafe2023,
  title = {Game-Theoretic Statistics and Safe Anytime-Valid Inference},
  author = {Ramdas, Aaditya and Grünwald, Peter and Vovk, Vladimir and Shafer, Glenn},
  date = {2023-06-17},
  eprint = {2210.01948},
  eprinttype = {arXiv},
  url = {http://arxiv.org/abs/2210.01948},
  urldate = {2024-08-13}
}

@article{ramdasTestingExchangeabilityForkconvexity2022,
  title = {Testing Exchangeability: Fork-Convexity, Supermartingales and e-Processes},
  author = {Ramdas, Aaditya and Ruf, Johannes and Larsson, Martin and Koolen, Wouter M.},
  date = {2022-02-01},
  journaltitle = {International Journal of Approximate Reasoning},
  shortjournal = {International Journal of Approximate Reasoning},
  series = {Probability and {{Statistics}}: {{Foundations}} and {{History}}. {{In}} Honor of {{Glenn Shafer}}},
  volume = {141},
  eprint = {2102.00630},
  eprinttype = {arXiv},
  pages = {83--109},
  doi = {10.1016/j.ijar.2021.06.017}
}

@unpublished{rosannej.turnerAnytimevalidTestingConfidence2022,
  title = {Anytime-Valid Testing and Confidence Intervals in Contingency Tables and Beyond},
  author = {{Rosanne J. Turner} and {Peter Grünwald}},
  date = {2022},
  url = {https://www.cwi.nl/documents/195239/presentation%20Rosanne%20Turner%20Peter%20Grunwald%20-%20AB%20Testing%2025042022.pdf},
  urldate = {2025-01-10}
}

@thesis{rosannejturnerSafeTests22019,
  type = {phdthesis},
  title = {Safe Tests for 2 x 2 Contingency Tables and the {{Cochran-Mantel-Haenszel}} Test},
  author = {{Rosanne J Turner}},
  date = {2019-09-23},
  url = {https://www.universiteitleiden.nl/binaries/content/assets/science/mi/scripties/statscience/2019-2020/thesis_rjturner_for_publication.pdf},
  urldate = {2025-01-09}
}

@article{rufCompositeGeneralizationVilles2023,
  title = {A Composite Generalization of {{Ville}}’s Martingale Theorem Using e-Processes},
  author = {Ruf, Johannes and Larsson, Martin and Koolen, Wouter M. and Ramdas, Aaditya},
  date = {2023-01-01},
  journaltitle = {Electronic Journal of Probability},
  shortjournal = {Electron. J. Probab.},
  volume = {28},
  doi = {10.1214/23-EJP1019},
  issue = {none}
}

@article{shaferTestMartingalesBayes2011,
  title = {Test Martingales, {{Bayes}} Factors and p-Values},
  author = {Shafer, Glenn and Shen, Alexander and Vereshchagin, Nikolai and Vovk, Vladimir},
  date = {2011-02-01},
  journaltitle = {Statistical Science},
  shortjournal = {Statist. Sci.},
  volume = {26},
  number = {1},
  doi = {10.1214/10-STS347}
}

@article{shaferWhatGameTheoreticStatistics,
  title = {What Is {{Game-Theoretic Statistics}}?},
  author = {Shafer, Glenn}
}

@online{StatisticalAnalysisAdverse,
  title = {A Statistical Analysis of Adverse Impact of Employer Decisions},
  url = {https://www.periodicos.capes.gov.br/index.php/acervo/buscador.html?task=detalhes&id=W4240048560},
  urldate = {2025-07-29},
  organization = {Portal de Periódicos da CAPES}
}

@incollection{topsoeInformationTheoryService2007,
  title = {Information Theory at the Service of Science},
  booktitle = {Entropy, {{Search}}, {{Complexity}}},
  author = {Topsøe, Flemming},
  date = {2007},
  volume = {16},
  pages = {179--207},
  publisher = {Springer Berlin Heidelberg},
  location = {Berlin, Heidelberg},
  doi = {10.1007/978-3-540-32777-6_8},
  isbn = {978-3-540-32573-4}
}

@article{turnerExactAnytimevalidConfidence2023,
  title = {Exact Anytime-Valid Confidence Intervals for Contingency Tables and Beyond},
  author = {Turner, Rosanne J. and Grünwald, Peter D.},
  date = {2023-07-01},
  journaltitle = {Statistics \& Probability Letters},
  shortjournal = {Statistics \& Probability Letters},
  volume = {198},
  eprint = {2203.09785},
  eprinttype = {arXiv},
  pages = {109835},
  doi = {10.1016/j.spl.2023.109835}
}

@article{turnerGenericEvariablesExact2024,
  title = {Generic {{E-variables}} for Exact Sequential $k$-Sample Tests That Allow for Optional Stopping},
  author = {Turner, Rosanne J. and Ly, Alexander and Grünwald, Peter D.},
  date = {2024-05},
  journaltitle = {Journal of Statistical Planning and Inference},
  shortjournal = {Journal of Statistical Planning and Inference},
  volume = {230},
  eprint = {2106.02693},
  eprinttype = {arXiv},
  pages = {106116},
  doi = {10.1016/j.jspi.2023.106116}
}

@book{villeEtudeCritiqueNotion1939,
  title = {Étude critique de la notion de collectif},
  author = {Ville, Jean},
  date = {1939},
  series = {Monographies des probabilités},
  number = {3},
  publisher = {Gauthier-Villars},
  location = {Paris},
  pagetotal = {144}
}

@article{vovkConfidenceDiscoveriesEvalues2023,
  title = {Confidence and Discoveries with E-Values},
  author = {Vovk, Vladimir and Wang, Ruodu},
  date = {2023-05-01},
  journaltitle = {Statistical Science},
  shortjournal = {Statist. Sci.},
  volume = {38},
  number = {2},
  eprint = {1912.13292},
  eprinttype = {arXiv},
  doi = {10.1214/22-STS874}
}

@article{vovkEvaluesCalibrationCombination2021,
  title = {E-Values: Calibration, Combination, and Applications},
  author = {Vovk, Vladimir and Wang, Ruodu},
  date = {2021-06-01},
  journaltitle = {The Annals of Statistics},
  shortjournal = {Ann. Statist.},
  volume = {49},
  number = {3},
  eprint = {1912.06116},
  eprinttype = {arXiv},
  doi = {10.1214/20-AOS2020}
}

@online{wagenmakersBayesianScepsisSWEPIS2020,
  title = {Bayesian Scepsis about {{SWEPIS}}: Quantifying the Evidence That Early Induction of Labour Prevents Perinatal Deaths},
  author = {Wagenmakers, Eric-Jan and Ly, Alexander},
  date = {2020-07-02},
  eprinttype = {OSF},
  doi = {10.31234/osf.io/5ydpb}
}

@online{wangExtendedVillesInequality2024,
  title = {The Extended {{Ville}}'s Inequality for Nonintegrable Nonnegative Supermartingales},
  author = {Wang, Hongjian and Ramdas, Aaditya},
  date = {2024-10-08},
  eprint = {2304.01163},
  eprinttype = {arXiv},
  doi = {10.48550/arXiv.2304.01163}
}

@online{wangFalseDiscoveryRate2021,
  title = {False Discovery Rate Control with E-Values},
  author = {Wang, Ruodu and Ramdas, Aaditya},
  date = {2021-12-14},
  eprint = {2009.02824},
  eprinttype = {arXiv},
  url = {http://arxiv.org/abs/2009.02824},
  urldate = {2024-08-13}
}

@online{wangTestingPvaluesPvalues2022,
  title = {Testing with P*-Values: {{Between}} p-Values, Mid p-Values, and e-Values},
  author = {Wang, Ruodu},
  date = {2022-02-22},
  eprint = {2010.14010},
  eprinttype = {arXiv},
  url = {http://arxiv.org/abs/2010.14010},
  urldate = {2024-08-15}
}

@unpublished{wangTinyReviewEvalues2023,
  title = {A Tiny Review on E-Values and e-Processes},
  author = {Wang, Ruodu},
  date = {2023-06},
  url = {https://sas.uwaterloo.ca/~wang/files/e-review.pdf}
}

@article{wassermanUniversalInference2020,
  title = {Universal Inference},
  author = {Wasserman, Larry and Ramdas, Aaditya and Balakrishnan, Sivaraman},
  date = {2020-07-21},
  journaltitle = {Proceedings of the National Academy of Sciences},
  shortjournal = {Proc. Natl. Acad. Sci. U.S.A.},
  volume = {117},
  number = {29},
  eprint = {1912.11436},
  eprinttype = {arXiv},
  pages = {16880--16890},
  doi = {10.1073/pnas.1922664117}
}

@online{xuBringingClosureFalse2025,
  title = {Bringing {{Closure}} to {{False Discovery Rate Control}}: {{A General Principle}} for {{Multiple Testing}}},
  author = {Xu, Ziyu and Solari, Aldo and Fischer, Lasse and family=Heide, given=Rianne, prefix=de, useprefix=false and Ramdas, Aaditya and Goeman, Jelle},
  date = {2025-09-02},
  eprint = {2509.02517},
  eprinttype = {arXiv},
  doi = {10.48550/arXiv.2509.02517}
}

@inproceedings{xuOnlineMultipleTesting2024,
  title = {Online Multiple Testing with E-Values},
  booktitle = {Proceedings of {{The}} 27th {{International Conference}} on {{Artificial Intelligence}} and {{Statistics}}},
  author = {Xu, Ziyu and Ramdas, Aaditya},
  date = {2024-04-18},
  pages = {3997--4005},
  publisher = {PMLR},
  url = {https://proceedings.mlr.press/v238/xu24a.html},
  urldate = {2025-02-24},
  eventtitle = {International {{Conference}} on {{Artificial Intelligence}} and {{Statistics}}}
}

@inproceedings{xuUnifiedFrameworkBandit2021,
  title = {A Unified Framework for Bandit Multiple Testing},
  booktitle = {Advances in {{Neural Information Processing Systems}}},
  author = {Xu, Ziyu and Wang, Ruodu and Ramdas, Aaditya},
  date = {2021},
  volume = {34},
  pages = {16833--16845},
  publisher = {Curran Associates, Inc.},
  url = {https://proceedings.neurips.cc/paper/2021/hash/8c460674cd61bf189e62b4da4bd9d7c1-Abstract.html},
  urldate = {2024-09-04}
}
